%% This BibTeX bibliography file was created using BibDesk.
%% https://bibdesk.sourceforge.io/

%% Created for 小汤先生 at 2023-07-13 16:43:49 +0800 

%% Saved with string encoding Unicode (UTF-8) 


@ARTICLE{9645219,
  author={Xue, Mingfu and Zhang, Yushu and Wang, Jian and Liu, Weiqiang},
  journal={IEEE Transactions on Artificial Intelligence}, 
  title={Intellectual Property Protection for Deep Learning Models: Taxonomy, Methods, Attacks, and Evaluations}, 
  year={2022},
  volume={3},
  number={6},
  pages={908-923},
  doi={10.1109/TAI.2021.3133824}}

@ARTICLE{9813378,
  author={Laxminarayana, Nikhil and Mishra, Nimish and Tiwari, Prayag and Garg, Sahil and Behera, Bikash K. and Farouk, Ahmed},
  journal={IEEE Transactions on Artificial Intelligence}, 
  title={Quantum-Assisted Activation for Supervised Learning in Healthcare-based Intrusion Detection Systems}, 
  year={2022},
  volume={},
  number={},
  pages={1-8},
  doi={10.1109/TAI.2022.3187676}}

@ARTICLE{9645169,
  author={Sun, Yuwei and Ochiai, Hideya and Esaki, Hiroshi},
  journal={IEEE Transactions on Artificial Intelligence}, 
  title={Decentralized Deep Learning for Multi-Access Edge Computing: A Survey on Communication Efficiency and Trustworthiness}, 
  year={2022},
  volume={3},
  number={6},
  pages={963-972},
  doi={10.1109/TAI.2021.3133819}}

@ARTICLE{9850373,
  author={Randhawa, Rizwan Hamid and Aslam, Nauman and Alauthman, Mohammad and Rafiq, Husnain},
  journal={IEEE Transactions on Artificial Intelligence}, 
  title={Evasion Generative Adversarial Network for Low Data Regimes}, 
  year={2023},
  volume={4},
  number={5},
  pages={1076-1088},
  doi={10.1109/TAI.2022.3196283}}


@inproceedings {272224,
author = {Omar Alrawi and Charles Lever and Kevin Valakuzhy and Ryan Court and Kevin Snow and Fabian Monrose and Manos Antonakakis},
title = {The Circle Of Life: A {Large-Scale} Study of The {IoT} Malware Lifecycle},
booktitle = {30th USENIX Security Symposium (USENIX Security 21)},
year = {2021},
isbn = {978-1-939133-24-3},
pages = {3505--3522},
publisher = {USENIX Association},
month = aug
}

@article{TAHAEI2020102538,
title = {The rise of traffic classification in IoT networks: A survey},
journal = {Journal of Network and Computer Applications},
volume = {154},
pages = {102538},
year = {2020},
issn = {1084-8045},
author = {Hamid Tahaei and Firdaus Afifi and Adeleh Asemi and Faiz Zaki and Nor Badrul Anuar},
keywords = {Internet of things, IoT traffic classification, Traffic analysis, IoT security, M2M traffic classification},
}

@article{DELATORREPARRA2020102662,
title = {Detecting Internet of Things attacks using distributed deep learning},
journal = {Journal of Network and Computer Applications},
volume = {163},
pages = {102662},
year = {2020},
issn = {1084-8045},
author = {Gonzalo {De La Torre Parra} and Paul Rad and Kim-Kwang Raymond Choo and Nicole Beebe},
keywords = {Cyber security, Cloud computing, Machine learning, Deep learning, Recurrent neural network},
}

@article{YI2023103580,
title = {Review on the application of deep learning in network attack detection},
journal = {Journal of Network and Computer Applications},
volume = {212},
pages = {103580},
year = {2023},
issn = {1084-8045},
author = {Tao Yi and Xingshu Chen and Yi Zhu and Weijing Ge and Zhenhui Han},
keywords = {Network attack, Deep learning, Flow characterization, Detection model, Model security},
}

@article{ALAUTHMAN2020102479,
title = {An efficient reinforcement learning-based Botnet detection approach},
journal = {Journal of Network and Computer Applications},
volume = {150},
pages = {102479},
year = {2020},
issn = {1084-8045},
author = {Mohammad Alauthman and Nauman Aslam and Mouhammd Al-kasassbeh and Suleman Khan and Ahmad Al-Qerem and Kim-Kwang {Raymond Choo}},
keywords = {Botnet detection, Network security, Traffic reduction, Neural network, C2C, Reinforcement-learning},
}

@article{ACARALI20161,
title = {Survey of approaches and features for the identification of HTTP-based botnet traffic},
journal = {Journal of Network and Computer Applications},
volume = {76},
pages = {1-15},
year = {2016},
issn = {1084-8045},
author = {Dilara Acarali and Muttukrishnan Rajarajan and Nikos Komninos and Ian Herwono},
keywords = {Bot, Botnet traffic, Network analysis, Feature analysis, Network-based detection},
}

@article{VALDOVINOS2021103093,
title = {Emerging DDoS attack detection and mitigation strategies in software-defined networks: Taxonomy, challenges and future directions},
journal = {Journal of Network and Computer Applications},
volume = {187},
pages = {103093},
year = {2021},
issn = {1084-8045},
author = {Ismael Amezcua Valdovinos and Jesús Arturo Pérez-Díaz and Kim-Kwang Raymond Choo and Juan Felipe Botero},
keywords = {Software-defined network (SDN), Denial of Service (DoS), Cyberattacks, Machine learning, Blockchain, Network Virtual Function (NFV), Honeynet, Network Slicing (NS), Moving Target Defense (MTD)},
}

@inproceedings{10.1145/3372297.3423356,
author = {L\'{o}pez-Morales, Efr\'{e}n and Rubio-Medrano, Carlos and Doup\'{e}, Adam and Shoshitaishvili, Yan and Wang, Ruoyu and Bao, Tiffany and Ahn, Gail-Joon},
title = {HoneyPLC: A Next-Generation Honeypot for Industrial Control Systems},
year = {2020},
isbn = {9781450370899},
publisher = {Association for Computing Machinery},
address = {New York, NY, USA},
booktitle = {Proceedings of the 2020 ACM SIGSAC Conference on Computer and Communications Security},
pages = {279–291},
numpages = {13},
keywords = {honeypot, programmable logic controllers, industrial control systems},
location = {Virtual Event, USA},
series = {CCS '20}
}

@inproceedings{10.1145/3474370.3485660,
author = {Li, Zhe and Chen, Bo and Feng, Wu-chang and Xie, Fei},
title = {Concolic Execution of NMap Scripts for Honeyfarm Generation},
year = {2021},
isbn = {9781450386586},
publisher = {Association for Computing Machinery},
address = {New York, NY, USA},
booktitle = {Proceedings of the 8th ACM Workshop on Moving Target Defense},
pages = {33–42},
numpages = {10},
keywords = {scripting language, symbolic execution, nmap, honeyfarm generation},
location = {Virtual Event, Republic of Korea},
series = {MTD '21}
}

@inproceedings{10.1145/3372297.3420023,
author = {Ziaie Tabari, Armin and Ou, Xinming},
title = {A Multi-Phased Multi-Faceted IoT Honeypot Ecosystem},
year = {2020},
isbn = {9781450370899},
publisher = {Association for Computing Machinery},
address = {New York, NY, USA},
booktitle = {Proceedings of the 2020 ACM SIGSAC Conference on Computer and Communications Security},
pages = {2121–2123},
numpages = {3},
keywords = {internet of things, honeypot},
location = {Virtual Event, USA},
series = {CCS '20}
}

@ARTICLE{10190603,
  author={Nie, Lihai and Shan, Xiaoyang and Zhao, Laiping and Li, Keqiu},
  journal={IEEE Transactions on Information Forensics and Security}, 
  title={PKDGA: A Partial Knowledge-Based Domain Generation Algorithm for Botnets}, 
  year={2023},
  volume={18},
  number={},
  pages={4854-4869},
}

@inproceedings{shekari2021mamiot,
  title={Mamiot: Manipulation of energy market leveraging high wattage iot botnets},
  author={Shekari, Tohid and Irvene, Celine and Cardenas, Alvaro A and Beyah, Raheem},
  booktitle={Proceedings of the 2021 ACM SIGSAC Conference on Computer and Communications Security},
  pages={1338--1356},
  year={2021}
}

@inproceedings{10.1145/3460120.3484581,
author = {Shekari, Tohid and Irvene, Celine and Cardenas, Alvaro A. and Beyah, Raheem},
title = {MaMIoT: Manipulation of Energy Market Leveraging High Wattage IoT Botnets},
year = {2021},
isbn = {9781450384544},
publisher = {Association for Computing Machinery},
address = {New York, NY, USA},
booktitle = {Proceedings of the 2021 ACM SIGSAC Conference on Computer and Communications Security},
pages = {1338–1356},
location = {Virtual Event, Republic of Korea},
series = {CCS '21}
}

@inproceedings{280016,
language = {English},
copyright = {Compilation and indexing terms, Copyright 2023 Elsevier Inc.},
copyright = {Compendex},
title = {MaDIoT 2.0: Modern High-Wattage IoT Botnet Attacks and Defenses},
booktitle = {Proceedings of the 31st USENIX Security Symposium, Security 2022},
author = {Shekari, Tohid and Cardenas, Alvaro A. and Beyah, Raheem},
year = {2022},
pages = {3539 - 3556},
address = {Boston, MA, United states},
key = {Electric power transmission networks},
publisher = {USENIX Association},
isbn = {978-1-939133-31-1},
month = aug,
keywords = {Botnet;Internet of things;}
} 




@inproceedings{9798287 ,
language = {English},
copyright = {Compilation and indexing terms, Copyright 2023 Elsevier Inc.},
copyright = {Compendex},
title = {Interpretability Evaluation of Botnet Detection Model based on Graph Neural Network},
booktitle={IEEE INFOCOM 2022 - IEEE Conference on Computer Communications Workshops (INFOCOM WKSHPS)}, 
author = {Zhu, Xiaolin and Zhang, Yong and Zhang, Zhao and Guo, Da and Li, Qi and Li, Zhao},
year = {2022},
pages={1-6},
address = {Virtual, Online, United states},
key = {Graph neural networks},
keywords = {Botnet;Intrusion detection;Neural network models;Topology;},
} 






@INPROCEEDINGS{8424633,
  author={Dargenio, Ruggiero and Srikant, Shashank and Hemberg, Erik and O'Reilly, Una-May},
  booktitle={2018 IEEE Security and Privacy Workshops (SPW)}, 
  title={Exploring the Use of Autoencoders for Botnets Traffic Representation}, 
  year={2018},
  volume={},
  number={},
  pages={57-62},
}


@ARTICLE{9438691,
  author={Cirillo, Michele and Mauro, Mario Di and Matta, Vincenzo and Tambasco, Marco},
  journal={IEEE Transactions on Information Forensics and Security}, 
  title={Botnet Identification in DDoS Attacks With Multiple Emulation Dictionaries}, 
  year={2021},
  volume={16},
  number={},
  pages={3554-3569},
}



@dataset{sebastian_garcia_2020_4743746,
  author       = {Sebastian Garcia and
                  Agustin Parmisano and
                  Maria Jose Erquiaga},
  title        = {IoT-23: A labeled dataset with malicious and 
                   benign IoT network traffic (Version 1.0.0) [Data set]},
  year         = {2020},
  note         = {{More details here https://www.stratosphereips.org/datasets-iot23} },
  publisher    = {Zenodo},
  version      = {1.0.0},
}

@article{NGUYEN2022107525,
title = {A collaborative approach to early detection of IoT Botnet},
journal = {Computers & Electrical Engineering},
volume = {97},
pages = {107525},
year = {2022},
issn = {0045-7906},
author = {Giang L. Nguyen and Braulio Dumba and Quoc-Dung Ngo and Hai-Viet Le and Tu N. Nguyen},
keywords = {Machine learning, Collaborative model, Malware, IoT Botnet, Early detection},
}

@ARTICLE{9875261,
  author={Kalakoti, Rajesh and Nõmm, Sven and Bahsi, Hayretdin},
  journal={IEEE Access}, 
  title={In-Depth Feature Selection for the Statistical Machine Learning-Based Botnet Detection in IoT Networks}, 
  year={2022},
  volume={10},
  number={},
  pages={94518-94535},
}

@article{nguyen_novel_2020,
	title = {A novel graph-based approach for {IoT} botnet detection},
	volume = {19},
	issn = {1615-5270},
	number = {5},
	journal = {International Journal of Information Security},
	author = {Nguyen, Huy-Trung and Ngo, Quoc-Dung and Le, Van-Hoang},
	month = oct,
	year = {2020},
	pages = {567--577},
}


@ARTICLE{9627657,
  author={Hussain, Faisal and Abbas, Syed Ghazanfar and Pires, Ivan Miguel and Tanveer, Sabeeha and Fayyaz, Ubaid U. and Garcia, Nuno M. and Shah, Ghalib A. and Shahzad, Farrukh},
  journal={IEEE Access}, 
  title={A Two-Fold Machine Learning Approach to Prevent and Detect IoT Botnet Attacks}, 
  year={2021},
  volume={9},
  number={},
  pages={163412-163430},
}


@inproceedings{9994166 ,
language = {English},
copyright = {Compilation and indexing terms, Copyright 2023 Elsevier Inc.},
copyright = {Compendex},
title = {A Proposed Framework for Early Detection IoT Botnet},
booktitle = {Proceedings - 2022 23rd International Arab Conference on Information Technology, ACIT 2022},
author = {Mashaleh, Ashraf S and Binti Ibrahim, Noor Farizah and Alauthman, Mohammad and Almomani, Ammar},
year = {2022},
pages={1--7},
address = {Abu Dhabi, United arab emirates},
key = {Internet of things},
keywords = {Botnet;Denial-of-service attack;Digital storage;Machine learning;Network security;},
} 





@article{NGUYEN2020128,
title = {PSI-rooted subgraph: A novel feature for IoT botnet detection using classifier algorithms},
journal = {ICT Express},
volume = {6},
number = {2},
pages = {128-138},
year = {2020},
issn = {2405-9595},
author = {Huy-Trung Nguyen and Quoc-Dung Ngo and Doan-Hieu Nguyen and Van-Hoang Le},
keywords = {IoT botnet, IoT security, Static malware detection, PSI-rooted subgraph, Machine learning, Deep learning},
}

@article{ALAUTHMAN2020102479,
title = {An efficient reinforcement learning-based Botnet detection approach},
journal = {Journal of Network and Computer Applications},
volume = {150},
pages = {102479},
year = {2020},
issn = {1084-8045},
author = {Mohammad Alauthman and Nauman Aslam and Mouhammd Al-kasassbeh and Suleman Khan and Ahmad Al-Qerem and Kim-Kwang {Raymond Choo}},
keywords = {Botnet detection, Network security, Traffic reduction, Neural network, C2C, Reinforcement-learning}
}


@article{LINDEMANN2021103498,
title = {A survey on anomaly detection for technical systems using LSTM networks},
journal = {Computers in Industry},
volume = {131},
pages = {103498},
year = {2021},
issn = {0166-3615},
author = {Benjamin Lindemann and Benjamin Maschler and Nada Sahlab and Michael Weyrich},
keywords = {Anomaly detection, Artificial intelligence, Autoencoder, Context modeling, Long short-term memory, Transfer learning}
}


@article{PONMALAR2022108295,
title = {An intrusion detection approach using ensemble Support Vector Machine based Chaos Game Optimization algorithm in big data platform},
journal = {Applied Soft Computing},
volume = {116},
pages = {108295},
year = {2022},
issn = {1568-4946},
author = {A. Ponmalar and V. Dhanakoti},
keywords = {Bigdata, Chaos Game Optimization, Support Vector Machine, Classification, Intrusion}
}


@article{knn,
title={An Enhanced Intrusion Detection Model Based on Improved kNN in WSNs},
volume={22},
ISSN={1424-8220},
number={4},
journal={Sensors},
publisher={MDPI AG},
author={Liu, Gaoyuan and Zhao, Huiqi and Fan, Fang and Liu, Gang and Xu, Qiang and Nazir, Shah},
year={2022},
month={Feb},
pages={1407}
}


@inproceedings{10.1145/3055186.3055192,
author = {Guarnizo, Juan David and Tambe, Amit and Bhunia, Suman Sankar and Ochoa, Martin and Tippenhauer, Nils Ole and Shabtai, Asaf and Elovici, Yuval},
title = {SIPHON: Towards Scalable High-Interaction Physical Honeypots},
year = {2017},
isbn = {9781450349567},
publisher = {Association for Computing Machinery},
address = {New York, NY, USA},
booktitle = {Proceedings of the 3rd ACM Workshop on Cyber-Physical System Security},
pages = {57–68},
numpages = {12},
keywords = {internet of things, low-interaction honeypot, scalability, high-interaction honeypot},
location = {Abu Dhabi, United Arab Emirates},
series = {CPSS '17}
}

@article{gokhale2020industrial,
  title={Industrial Control Systems Honeypot: A Formal Analysis of Conpot.},
  author={Gokhale, Sheetal and Dalvi, Ashwini and Siddavatam, Irfan},
  journal={International Journal of Computer Network \& Information Security},
  volume={12},
  number={6},
  year={2020},
}


@article{ WOS:000982455700011,
Author = {Fadhilla, Cut Alna and Alfikri, Muhammad Dany and Kaliski, Rafael},
Title = {Lightweight Meta-Learning BotNet Attack Detection},
Journal = {IEEE Internet of Things Journal},
Year = {2023},
Volume = {10},
Number = {10},
Pages = {8455-8466},
Month = {MAY 15},
ISSN = {2327-4662},
ORCID-Numbers = {Kaliski, Rafael/0000-0002-6622-4838
   Alfikri, Muhammad Dany/0000-0003-4116-3220},
Unique-ID = {WOS:000982455700011},
}

@ARTICLE{9241019,
  author={Popoola, Segun I. and Adebisi, Bamidele and Hammoudeh, Mohammad and Gui, Guan and Gacanin, Haris},
  journal={IEEE Internet of Things Journal}, 
  title={Hybrid Deep Learning for Botnet Attack Detection in the Internet-of-Things Networks}, 
  year={2021},
  volume={8},
  number={6},
  pages={4944-4956},
}

@ARTICLE{9499122,
  author={Popoola, Segun I. and Ande, Ruth and Adebisi, Bamidele and Gui, Guan and Hammoudeh, Mohammad and Jogunola, Olamide},
  journal={IEEE Internet of Things Journal}, 
  title={Federated Deep Learning for Zero-Day Botnet Attack Detection in IoT-Edge Devices}, 
  year={2022},
  volume={9},
  number={5},
  pages={3930-3944},
}

@inproceedings{20195007827865 ,
language = {English},
copyright = {Compilation and indexing terms, Copyright 2023 Elsevier Inc.},
copyright = {Compendex},
title = {Understanding the mirai botnet},
booktitle = {Proceedings of the 26th USENIX Security Symposium},
author = {Antonakakis, Manos and April, Tim and Bailey, Michael and Bernhard, Matthew and Bursztein, Elie and Cochran, Jaime and Durumeric, Zakir and Halderman, J. Alex and Invernizzi, Luca and Kallitsis, Michalis and Kumar, Deepak and Lever, Chaz and Ma, Zane and Mason, Joshua and Menscher, Damian and Seaman, Chad and Sullivan, Nick and Thomas, Kurt and Zhou, Yi},
year = {2017},
pages = {1093 - 1110},
address = {Vancouver, BC, Canada},
key = {Botnet},
keywords = {Denial-of-service attack;Network security;Internet of things;},
} 


@inproceedings{20175004517021 ,
language = {English},
copyright = {Compilation and indexing terms, Copyright 2023 Elsevier Inc.},
copyright = {Compendex},
title = {A lightweight vulnerability mitigation framework for IoT devices},
booktitle = {IoT S and P 2017 - Proceedings of the 2017 Workshop on Internet of Things Security and Privacy, co-located with CCS 2017},
author = {Hadar, Noy and Siboni, Shachar and Elovici, Yuval},
year = {2017},
pages = {71 - 75},
address = {Dallas, TX, United states},
key = {Internet of things},
keywords = {Distributed database systems;Cost effectiveness;Network security;},
} 

@inproceedings{20225213302122 ,
language = {English},
copyright = {Compilation and indexing terms, Copyright 2023 Elsevier Inc.},
copyright = {Compendex},
title = {Performance Analysis of DGA-Driven Botnets using Artificial Neural networks},
booktitle = {2022 10th International Conference on Reliability, Infocom Technologies and Optimization (Trends and Future Directions), ICRITO 2022},
author = {Manikandan, N. and Ruby, D. and Murali, S. and Sharma, Vandana},
year = {2022},
address = {Noida, India},
key = {Neural networks},
keywords = {Botnet;Deep learning;Malware;},
} 


@inproceedings{20203909247872 ,
language = {English},
copyright = {Compilation and indexing terms, Copyright 2023 Elsevier Inc.},
copyright = {Compendex},
title = {Network flow based IoT botnet attack detection using deep learning},
booktitle = {IEEE INFOCOM 2020 - IEEE Conference on Computer Communications Workshops, INFOCOM WKSHPS 2020},
author = {Sriram, S. and Vinayakumar, R. and Alazab, Mamoun and Soman, K.P.},
year = {2020},
pages = {189 - 194},
address = {Toronto, ON, Canada},
key = {Cybersecurity},
keywords = {Big data;Botnet;Internet of things;Electric power system control;Deep learning;Smart city;Electric power transmission networks;Water treatment;},
} 


@inproceedings{20222912361075 ,
language = {English},
copyright = {Compilation and indexing terms, Copyright 2023 Elsevier Inc.},
copyright = {Compendex},
title = {Interpretability Evaluation of Botnet Detection Model based on Graph Neural Network},
booktitle = {INFOCOM WKSHPS 2022 - IEEE Conference on Computer Communications Workshops},
author = {Zhu, Xiaolin and Zhang, Yong and Zhang, Zhao and Guo, Da and Li, Qi and Li, Zhao},
year = {2022},
address = {Virtual, Online, United states},
key = {Graph neural networks},
keywords = {Botnet;Intrusion detection;Neural network models;Topology;},
} 


@inproceedings{20222912361086 ,
language = {English},
copyright = {Compilation and indexing terms, Copyright 2023 Elsevier Inc.},
copyright = {Compendex},
title = {IoT Botnet Detection framework from Network Behavior based on Extreme Learning Machine},
booktitle = {IEEE INFOCOM 2022 - IEEE Conference on Computer Communications Workshops (INFOCOM WKSHPS)},
author = {Hasan, Nasimul and Chen, Zhenxiang and Zhao, Chuan and Zhu, Yuhui and Liu, Cong},
year = {2022},
address = {Virtual, Online, United states},
key = {Network security},
keywords = {Botnet;Internet of things;Knowledge acquisition;Learning systems;Machine learning;Malware;Personal computers;},
} 

@article{wang2018thingpot,
  author       = {Meng Wang and
                  Javier Santillan and
                  Fernando Kuipers},
  title        = {ThingPot: an interactive Internet-of-Things honeypot},
  journal      = {CoRR},
  volume       = {abs/1807.04114},
  year         = {2018},
  eprinttype    = {arXiv},
  eprint       = {1807.04114},
  timestamp    = {Mon, 13 Aug 2018 16:47:43 +0200},
}


@InProceedings{xiao2018s7commtrace,
author="Xiao, Feng
and Chen, Enhong
and Xu, Qiang",
editor="Qing, Sihan
and Mitchell, Chris
and Chen, Liqun
and Liu, Dongmei",
title="S7commTrace: A High Interactive Honeypot for Industrial Control System Based on S7 Protocol",
booktitle="Information and Communications Security: 19th International Conference, ICICS 2017",
year="2018",
publisher="Springer International Publishing",
address="Beijing, China",
pages="412--423",
isbn="978-3-319-89500-0",
}




@inproceedings{8913891 ,
language = {English},
copyright = {Compilation and indexing terms, Copyright 2023 Elsevier Inc.},
copyright = {Compendex},
title = {MimePot: A model-based honeypot for industrial control networks},
booktitle={2019 IEEE International Conference on Systems, Man and Cybernetics (SMC)}, 
author = {Bernieri, Giuseppe and Conti, Mauro and Pascucci, Federica},
volume = {2019-October},
year = {2019},
pages = {433 - 438},
issn = {1062922X},
address = {Bari, Italy},
} 







@inproceedings{hakim2018u,
	author = {Hakim, Muhammad A and Aksu, Hidayet and Uluagac, A Selcuk and Akkaya, Kemal},
	booktitle = {2018 IEEE 37th International Performance Computing and Communications Conference (IPCCC)},
	organization = {IEEE},
	pages = {1--8},
	title = {U-pot: A honeypot framework for upnp-based iot devices},
	year = {2018},
}


@article{10.1145/3584976,
author = {Srinivasa, Shreyas and Pedersen, Jens Myrup and Vasilomanolakis, Emmanouil},
title = {Gotta Catch ’em All: A Multistage Framework for Honeypot Fingerprinting},
year = {2023},
publisher = {Association for Computing Machinery},
address = {New York, NY, USA},
issn = {2692-1626},
journal = {Digital Threats},
month = {feb},
doi = {10.1145/3584976},
keywords = {honeypot attacks, Honeypots, fingerprinting, honeypot detection, honeypot evasion}
}


@inproceedings{eb5026c4d31d46f5a5a3a69a997dd63a,
title = "RIoTPot: a modular hybrid-interaction IoT/OT honeypot",
keywords = "Honeypots, Modular, Hybrid, Network Security",
author = "Shreyas Srinivasa and Pedersen, {Jens Myrup} and Emmanouil Vasilomanolakis",
year = "2021",
language = "English",
isbn = "978-3-030-88427-7",
volume = "2",
series = "Lecture Notes in Computer Science",
publisher = "Springer",
pages = "745--751",
booktitle = "Computer Security – ESORICS 2021",
address = "Germany",
}


@ARTICLE{8253599,
  author={Creswell, Antonia and White, Tom and Dumoulin, Vincent and Arulkumaran, Kai and Sengupta, Biswa and Bharath, Anil A.},
  journal={IEEE Signal Processing Magazine}, 
  title={Generative Adversarial Networks: An Overview}, 
  year={2018},
  volume={35},
  number={1},
  pages={53-65},
}


@inproceedings{20201608415146 ,
language = {English},
copyright = {Compilation and indexing terms, Copyright 2023 Elsevier Inc.},
copyright = {Compendex},
title = {MedBIoT: Generation of an IoT botnet dataset in a medium-sized IoT network},
booktitle = {ICISSP 2020 - Proceedings of the 6th International Conference on Information Systems Security and Privacy},
author = {Guerra-Manzanares, Alejandro and Medina-Galindo, Jorge and Bahsi, Hayretdin and Nomm, Sven},
year = {2020},
pages = {207 - 218},
address = {Valletta, Malta},
} 


@inproceedings{wang2019sdn ,
language = {English},
copyright = {Compilation and indexing terms, Copyright 2023 Elsevier Inc.},
copyright = {Compendex},
title = {SDN-based hybrid honeypot for attack capture},
booktitle = {Proceedings of 2019 IEEE 3rd Information Technology, Networking, Electronic and Automation Control Conference, ITNEC 2019},
author = {Wang, He and Wu, Bin},
year = {2019},
pages = {1602 - 1606},
address = {Chengdu, China},
key = {Topology},
keywords = {Network security;Cybersecurity;Flow control;},
} 



@inproceedings{10075591 ,
language = {English},
copyright = {Compilation and indexing terms, Copyright 2023 Elsevier Inc.},
copyright = {Compendex},
title = {DDoS Detection Using Active and Idle Features of Revised CICFlowMeter and Statistical Approaches},
booktitle = {ICOASE 2022 - 4th International Conference on Advanced Science and Engineering},
author = {Ali, Basheer Husham and Sulaiman, Nasri and Al-Haddad, S.A.R. and Atan, Rodziah and Hassan, Siti Lailatul Mohd},
year = {2022},
pages = {148 - 153},
address = {Zakho, Iraq},
} 


@INPROCEEDINGS{9633881,
  author={Mehta, Sajeel and Pawade, Dipti and Nayyar, Yash and Siddavatam, Irfan and Tiwart, Anoop and Dalvi, Ashwini},
  booktitle={2021 International Conference on Innovative Computing, Intelligent Communication and Smart Electrical Systems (ICSES)}, 
  title={Cowrie Honeypot Data Analysis and Predicting the Directory Traverser Pattern during the Attack}, 
  year={2021},
  volume={},
  number={},
  pages={1-4},
address = {Chennai, India},
}